<record><leader>00000cas a2200000 a 4500</leader><controlfield tag="001">36304178</controlfield><controlfield tag="008">970131d19011902miuwr n       0    0eng c</controlfield><datafield ind1=" " ind2=" " tag="010"><subfield code="a">sn 97063087 </subfield></datafield><datafield ind1=" " ind2=" " tag="040"><subfield code="a">MHN</subfield><subfield code="b">eng</subfield><subfield code="c">MHN</subfield><subfield code="d">OCL</subfield><subfield code="d">OCLCQ</subfield><subfield code="d">OCLCF</subfield><subfield code="d">OCLCO</subfield></datafield><datafield ind1="1" ind2=" " tag="029"><subfield code="a">AU@</subfield><subfield code="b">000013092609</subfield></datafield><datafield ind1=" " ind2=" " tag="042"><subfield code="a">pcc</subfield></datafield><datafield ind1=" " ind2=" " tag="043"><subfield code="a">n-us-mi</subfield></datafield><datafield ind1="0" ind2=" " tag="130"><subfield code="a">Saugatuck commercial (Saugatuck, Mich. : 1901)</subfield></datafield><datafield ind1="1" ind2="0" tag="245"><subfield code="a">Saugatuck commercial.</subfield></datafield><datafield ind1="1" ind2="3" tag="246"><subfield code="a">Commercial</subfield></datafield><datafield ind1=" " ind2=" " tag="260"><subfield code="a">Saugatuck, Mich. :</subfield><subfield code="b">Wm. P. Dunton</subfield></datafield><datafield ind1=" " ind2=" " tag="300"><subfield code="a">v.</subfield></datafield><datafield ind1=" " ind2=" " tag="310"><subfield code="a">Weekly</subfield></datafield><datafield ind1="0" ind2=" " tag="362"><subfield code="a">34th yr., no. 19 (May 10, 1901)-35th yr., no. 13 (Apr. 4, 1902).</subfield></datafield><datafield ind1=" " ind2=" " tag="580"><subfield code="a">Merged with: Douglas record, to form: Commercial-record (Saugatuck, Mich.).</subfield></datafield><datafield ind1=" " ind2="0" tag="651"><subfield code="a">Saugatuck (Mich.)</subfield><subfield code="v">Newspapers.</subfield></datafield><datafield ind1=" " ind2="0" tag="651"><subfield code="a">Allegan County (Mich.)</subfield><subfield code="v">Newspapers.</subfield></datafield><datafield ind1=" " ind2="7" tag="655"><subfield code="a">Newspapers.</subfield><subfield code="2">fast</subfield><subfield code="0">(OCoLC)fst01423814</subfield></datafield><datafield ind1=" " ind2="7" tag="651"><subfield code="a">Michigan</subfield><subfield code="z">Allegan County.</subfield><subfield code="2">fast</subfield><subfield code="0">(OCoLC)fst01213215</subfield></datafield><datafield ind1=" " ind2="7" tag="651"><subfield code="a">Michigan</subfield><subfield code="z">Saugatuck.</subfield><subfield code="2">fast</subfield><subfield code="0">(OCoLC)fst01220582</subfield></datafield><datafield ind1=" " ind2=" " tag="752"><subfield code="a">United States</subfield><subfield code="b">Michigan</subfield><subfield code="c">Allegan</subfield><subfield code="d">Saugatuck.</subfield></datafield><datafield ind1="0" ind2="0" tag="780"><subfield code="t">Lake Shore commercial (Saugatuck, Mich. : 1877)</subfield><subfield code="w">(DLC)sn 97063086</subfield><subfield code="w">(OCoLC)36304087</subfield></datafield><datafield ind1="1" ind2="7" tag="785"><subfield code="t">Douglas record</subfield></datafield><datafield ind1="1" ind2="7" tag="785"><subfield code="t">Commercial-record (Saugatuck, Mich.)</subfield><subfield code="w">(DLC)sn 97063088</subfield><subfield code="w">(OCoLC)36290687</subfield></datafield></record>